<record><leader>00000cas a22000007a 4500</leader><controlfield tag="001">20642723</controlfield><controlfield tag="008">891113d18981923wyuwn ne      0   a0eng d</controlfield><datafield ind1=" " ind2=" " tag="010"><subfield code="a">sn 92066991 </subfield></datafield><datafield ind1=" " ind2=" " tag="040"><subfield code="a">WYU</subfield><subfield code="b">eng</subfield><subfield code="c">WYU</subfield><subfield code="d">NVO</subfield><subfield code="d">OCLCQ</subfield><subfield code="d">OCLCF</subfield><subfield code="d">OCLCO</subfield></datafield><datafield ind1="1" ind2=" " tag="029"><subfield code="a">AU@</subfield><subfield code="b">000020711593</subfield></datafield><datafield ind1=" " ind2=" " tag="042"><subfield code="a">msc</subfield></datafield><datafield ind1=" " ind2=" " tag="043"><subfield code="a">n-us-wy</subfield></datafield><datafield ind1=" " ind2=" " tag="090"><subfield code="a">LH1.W9</subfield><subfield code="b">W96</subfield></datafield><datafield ind1="0" ind2="4" tag="245"><subfield code="a">The Wyoming student.</subfield></datafield><datafield ind1=" " ind2=" " tag="260"><subfield code="a">Laramie, Wyo. :</subfield><subfield code="b">Students of the University of Wyoming</subfield></datafield><datafield ind1=" " ind2=" " tag="300"><subfield code="a">v.</subfield></datafield><datafield ind1=" " ind2=" " tag="310"><subfield code="a">Weekly (during academic year),</subfield><subfield code="b">1913-1923</subfield></datafield><datafield ind1=" " ind2=" " tag="321"><subfield code="a">Monthly (during academic year),</subfield><subfield code="b">1898-1913</subfield></datafield><datafield ind1="0" ind2=" " tag="362"><subfield code="a">Vol. 1, no. 1 (Oct. 1898)-v. 28, no. 28 (Mar. 7, 1923).</subfield></datafield><datafield ind1=" " ind2=" " tag="515"><subfield code="a">Vols. 21-22 omitted; first issue for 1918/19 called v. 23, no. 1; issues for the rest of 1918/19 called v. 24.</subfield></datafield><datafield ind1=" " ind2=" " tag="550"><subfield code="a">Published by: Associated Students of the University of Wyoming, Sept. 16, 1913-Mar. 7, 1923.</subfield></datafield><datafield ind1="2" ind2="0" tag="610"><subfield code="a">University of Wyoming</subfield><subfield code="v">Newspapers.</subfield></datafield><datafield ind1=" " ind2="0" tag="650"><subfield code="a">College student newspapers and periodicals</subfield><subfield code="z">Wyoming.</subfield></datafield><datafield ind1=" " ind2="4" tag="651"><subfield code="a">Laramie (Wyo.)</subfield><subfield code="v">Newspapers.</subfield></datafield><datafield ind1=" " ind2="7" tag="655"><subfield code="a">Newspapers.</subfield><subfield code="2">fast</subfield><subfield code="0">(OCoLC)fst01423814</subfield></datafield><datafield ind1="2" ind2="7" tag="610"><subfield code="a">University of Wyoming.</subfield><subfield code="2">fast</subfield><subfield code="0">(OCoLC)fst00537664</subfield></datafield><datafield ind1=" " ind2="7" tag="650"><subfield code="a">College student newspapers and periodicals.</subfield><subfield code="2">fast</subfield><subfield code="0">(OCoLC)fst00867966</subfield></datafield><datafield ind1=" " ind2="7" tag="651"><subfield code="a">Wyoming.</subfield><subfield code="2">fast</subfield><subfield code="0">(OCoLC)fst01204583</subfield></datafield><datafield ind1="2" ind2=" " tag="710"><subfield code="a">University of Wyoming.</subfield></datafield><datafield ind1="2" ind2=" " tag="710"><subfield code="a">University of Wyoming.</subfield><subfield code="b">Associated Students.</subfield></datafield><datafield ind1=" " ind2=" " tag="752"><subfield code="a">United States</subfield><subfield code="b">Wyoming</subfield><subfield code="c">Albany</subfield><subfield code="d">Laramie.</subfield></datafield><datafield ind1="0" ind2="0" tag="785"><subfield code="t">Branding iron (Laramie, Wyo.)</subfield><subfield code="w">(DLC)sn 92066992</subfield></datafield></record>